@book{uspap,
  author={The Apprasial Foundation},
  title = {USPAP 2003 Uniform Standards of Professional Appraisal Practice},
  publisher={The Apprasial Foundation},
  year={2003}
}
,
@book{d1986goodness,
  title={Goodness-of-fit-techniques},
  author={D'Agostino, Ralph B},
  volume={68},
  year={1986},
  publisher={CRC press}
}
，
@article{faishal2005automated,
  title={Automated valuation model: an application to the public housing resale market in Singapore},
  author={Faishal Ibrahim, Muhammad and Jam Cheng, Fook and How Eng, Kheng},
  journal={Property Management},
  volume={23},
  number={5},
  pages={357--373},
  year={2005},
  publisher={Emerald Group Publishing Limited}
}
，
@article{garcia2008ann+,
  title={ANN+GIS: An automated system for property valuation},
  author={Garc{\'\i}a, Noelia and G{\'a}mez, Mat{\'\i}as and Alfaro, Esteban},
  journal={Neurocomputing},
  volume={71},
  number={4-6},
  pages={733--742},
  year={2008},
  publisher={Elsevier}
}
，
@article{brunauer2010additive,
  title={Additive hedonic regression models with spatial scaling factors: An application for rents in Vienna},
  author={Brunauer, Wolfgang A and Lang, Stefan and Wechselberger, Peter and Bienert, Sven},
  journal={The Journal of Real Estate Finance and Economics},
  volume={41},
  number={4},
  pages={390--411},
  year={2010},
  publisher={Springer}
}
,
@article{djurdjevic2008estimation,
  title={Estimation of hedonic models using a multilevel approach: An application for the Swiss rental market},
  author={Djurdjevic, Dragana and Eugster, Christine and Haase, Ronny},
  journal={Swiss Journal of Economics and Statistics},
  volume={144},
  number={4},
  pages={679--701},
  year={2008},
  publisher={Springer}
}
,
@article{lochl2010modelling,
  title={Modelling hedonic residential rents for land use and transport simulation while considering spatial effects},
  author={L{\"o}chl, Michael and Axhausen, Kay},
  year={2010},
  publisher={JSTOR}
}
,
@article{seya2011empirical,
  title={Empirical comparison of the various spatial prediction models: in spatial econometrics, spatial statistics, and semiparametric statistics},
  author={Seya, Hajime and Tsutsumi, Morito and Yoshida, Yasushi and Kawaguchi, Yuichiro},
  journal={Procedia-Social and Behavioral Sciences},
  volume={21},
  pages={120--129},
  year={2011},
  publisher={Elsevier}
}
,
@article{garmaise2003confronting,
  title={Confronting information asymmetries: Evidence from real estate markets},
  author={Garmaise, Mark J and Moskowitz, Tobias J},
  journal={The Review of Financial Studies},
  volume={17},
  number={2},
  pages={405--437},
  year={2003},
  publisher={Oxford University Press}
}
,
@conference{shimizu,
author = {Deng, Yonghe and Guo, Xiangyu and Shimizu, Chihiro},
title = {Change in the Distribution of Sale Rental Prices: Comparison of Beijing and Tokyo},
booktitle={Hitotsubashi-RIETI International Workshop on Real Estate and the Macro Economy Presenter4},
year={2017},
publisher={Hitotsubashi Project on Real Estate, Financial Crisis, and Economics Dynamics}
}
,
@book{Statics,
title={Statistics Japan Residential House and Land survey 2013},
publisher={Statistics Bureau, Director-General for Policy Planning (Statistical Standards) and Statistical Research and Training Institute},
year={2013}
}
,
@article{harrison1978hedonic,
  title={Hedonic housing prices and the demand for clean air},
  author={Harrison Jr, David and Rubinfeld, Daniel L},
  journal={Journal of environmental economics and management},
  volume={5},
  number={1},
  pages={81--102},
  year={1978},
  publisher={Elsevier}
}
,
@article{sirmans2005composition,
  title={The composition of hedonic pricing models},
  author={Sirmans, Stacy and Macpherson, David and Zietz, Emily},
  journal={Journal of real estate literature},
  volume={13},
  number={1},
  pages={1--44},
  year={2005},
  publisher={American Real Estate Society}
}
,
@inproceedings{cocco2000hedging,
  title={Hedging house price risk with incomplete markets},
  author={Cocco, Joao F},
  booktitle={AFA 2001 New Orleans Meetings},
  year={2000}
}
，
@article{zurada2011comparison,
  title={A comparison of regression and artificial intelligence methods in a mass appraisal context},
  author={Zurada, Jozef and Levitan, Alan and Guan, Jian},
  journal={Journal of Real Estate Research},
  volume={33},
  number={3},
  pages={349--387},
  year={2011},
  publisher={American Real Estate Society}
}
，
@article{adair1988application,
  title={The application of multiple regression analysis in property valuation},
  author={ADAIR, ALISTAIR and McGREAL, STANLEY},
  journal={Journal of Valuation},
  volume={6},
  number={1},
  pages={57--67},
  year={1988},
  publisher={MCB UP Ltd}
}
,
@article{mark1988multiple,
  title={Multiple Regression Analysis and Mass Assessment: A Review},
  author={Mark, Jonathan and Goldberg, Michael A},
  journal={The Appraisal Journal},
  volume={56},
  number={1},
  pages={89},
  year={1988},
  publisher={Appraisal Institute}
}
,
@article{do1992neural,
  title={A neural network approach to residential property appraisal},
  author={Do, A Quang and Grudnitski, Gary},
  journal={The Real Estate Appraiser},
  volume={58},
  number={3},
  pages={38--45},
  year={1992},
  publisher={December}
}
,
@article{garrod1992valuing,
  title={Valuing goods' characteristics: an application of the hedonic price method to environmental attributes},
  author={Garrod, Guy D and Willis, Kenneth G},
  journal={Journal of Environmental management},
  volume={34},
  number={1},
  pages={59--76},
  year={1992},
  publisher={Elsevier}
}
,
@article{anselin1990some,
  title={Some robust approaches to testing and estimation in spatial econometrics},
  author={Anselin, Luc},
  journal={Regional Science and Urban Economics},
  volume={20},
  number={2},
  pages={141--163},
  year={1990},
  publisher={Elsevier}
}
,
@article{kelejian1998suggested,
  title={A suggested test for spatial autocorrelation and/or heteroskedasticity and corresponding Monte Carlo results},
  author={Kelejian, Harry H and Robinson, Dennis P},
  journal={Regional Science and Urban Economics},
  volume={28},
  number={4},
  pages={389--417},
  year={1998},
  publisher={Elsevier}
}
,
@book{fotheringham2003geographically,
  title={Geographically weighted regression: the analysis of spatially varying relationships},
  author={Fotheringham, A Stewart and Brunsdon, Chris and Charlton, Martin},
  year={2003},
  publisher={John Wiley \& Sons}
}
,
@article{fotheringham2015geographical,
  title={Geographical and temporal weighted regression (GTWR)},
  author={Fotheringham, A Stewart and Crespo, Ricardo and Yao, Jing},
  journal={Geographical Analysis},
  volume={47},
  number={4},
  pages={431--452},
  year={2015},
  publisher={Wiley Online Library}
}
,
@article{robinson1988root,
  title={Root-N-consistent semiparametric regression},
  author={Robinson, Peter M},
  journal={Econometrica: Journal of the Econometric Society},
  pages={931--954},
  year={1988},
  publisher={JSTOR}
}
,
@article{anglin1996semiparametric,
  title={Semiparametric estimation of a hedonic price function},
  author={Anglin, Paul M and Gencay, Ramazan},
  journal={Journal of Applied Econometrics},
  volume={11},
  number={6},
  pages={633--648},
  year={1996},
  publisher={Wiley Online Library}
}
,
@article{clapp2002predicting,
  title={Predicting spatial patterns of house prices using LPR and Bayesian smoothing},
  author={Clapp, John M and Kim, Hyon--Jung and Gelfand, Alan E},
  journal={Real Estate Economics},
  volume={30},
  number={4},
  pages={505--532},
  year={2002},
  publisher={Wiley Online Library}
}
,
@book{fan2018local,
  title={Local polynomial modelling and its applications: monographs on statistics and applied probability 66},
  author={Fan, Jianqing},
  year={2018},
  publisher={Routledge}
}
,
@article{mcmillen2010estimation,
  title={Estimation and hypothesis testing for nonparametric hedonic house price functions},
  author={McMillen, Daniel P and Redfearn, Christian L},
  journal={Journal of Regional Science},
  volume={50},
  number={3},
  pages={712--733},
  year={2010},
  publisher={Wiley Online Library}
}
,
@article{tay1992artificial,
  title={Artificial intelligence and the mass appraisal of residential apartments},
  author={Tay, Danny PH and Ho, David KH},
  journal={Journal of Property Valuation and Investment},
  volume={10},
  number={2},
  pages={525--540},
  year={1992},
  publisher={MCB UP Ltd}
}
,
@article{worzala1995exploration,
  title={An exploration of neural networks and its application to real estate valuation},
  author={Worzala, Elaine and Lenk, Margarita and Silva, Ana},
  journal={Journal of Real Estate Research},
  volume={10},
  number={2},
  pages={185--201},
  year={1995},
  publisher={American Real Estate Society}
}
,
@article{mccluskey1996mass,
  title={Mass appraisal for property taxation: an artificial intelligence approach},
  author={McCluskey, W and Dyson, K and McFall, D and Anand, SS},
  journal={Australian Land Economics Review},
  volume={2},
  number={1},
  year={1996}
}
,
@article{borst1997evaluation,
  title={An evaluation of MRA, comparable sales analysis and ANNs for the mass appraisal of residential properties in Northern Ireland},
  author={Borst, RA and McCluskey, WJ},
  journal={Assessment Journal},
  volume={4},
  number={1},
  pages={47--55},
  year={1997}
}
,
@inproceedings{rossini1999accuracy,
  title={Accuracy issues for automated and artificial intelligent residential valuation systems},
  author={Rossini, PETER},
  booktitle={International Real Estate Society Conference},
  year={1999}
}
,
@inproceedings{limsombunchai2004house,
  title={House price prediction: hedonic price model vs. artificial neural network},
  author={Limsombunchai, Visit},
  booktitle={New Zealand Agricultural and Resource Economics Society Conference},
  pages={25--26},
  year={2004}
}
,
@article{peterson2009neural,
  title={Neural network hedonic pricing models in mass real estate appraisal},
  author={Peterson, Steven and Flanagan, Albert},
  journal={Journal of Real Estate Research},
  volume={31},
  number={2},
  pages={147--164},
  year={2009},
  publisher={American Real Estate Society}
}
,
@article{mccluskey2012potential,
  title={The potential of artificial neural networks in mass appraisal: the case revisited},
  author={McCluskey, William and Davis, Peadar and Haran, Martin and McCord, Michael and McIlhatton, David},
  journal={Journal of Financial Management of Property and Construction},
  volume={17},
  number={3},
  pages={274--292},
  year={2012},
  publisher={Emerald Group Publishing Limited}
}
,
@article{bagnoli1998theory,
  title={The theory of fuzz logic and its application to real estate valuation},
  author={Bagnoli, Carlo and Smith, Halbert},
  journal={Journal of Real Estate Research},
  volume={16},
  number={2},
  pages={169--200},
  year={1998},
  publisher={American Real Estate Society}
}
，
@article{aurelio2006mass,
  title={Mass appraisal with genetic fuzzy rule-based systems},
  author={Aur{\'e}lio Stumpf Gonz{\'a}lez, Marco and Torres Formoso, Carlos},
  journal={Property Management},
  volume={24},
  number={1},
  pages={20--30},
  year={2006},
  publisher={Emerald Group Publishing Limited}
}
，
@article{guan2008adaptive,
  title={An adaptive neuro-fuzzy inference system based approach to real estate property assessment},
  author={Guan, Jian and Zurada, Jozef and Levitan, Alan},
  journal={Journal of Real Estate Research},
  volume={30},
  number={4},
  pages={395--422},
  year={2008},
  publisher={American Real Estate Society}
}
，
@article{krige1951statistical,
  title={A statistical approach to some basic mine valuation problems on the Witwatersrand},
  author={Krige, Daniel G},
  journal={Journal of the Southern African Institute of Mining and Metallurgy},
  volume={52},
  number={6},
  pages={119--139},
  year={1951},
  publisher={Southern African Institute of Mining and Metallurgy}
}
，
@article{kuntz2014geostatistical,
  title={Geostatistical mapping of real estate prices: an empirical comparison of kriging and cokriging},
  author={Kuntz, Michael and Helbich, Marco},
  journal={International Journal of Geographical Information Science},
  volume={28},
  number={9},
  pages={1904--1921},
  year={2014},
  publisher={Taylor \& Francis}
}
,
@article{crone1992estimating,
  title={Estimating house price appreciation: a comparison of methods},
  author={Crone, Theodore M and Voith, Richard P},
  journal={Journal of Housing Economics},
  volume={2},
  number={4},
  pages={324--338},
  year={1992},
  publisher={Elsevier}
}
,
@article{martinetti2017approximate,
  title={Approximate likelihood estimation of spatial probit models},
  author={Martinetti, Davide and Geniaux, Ghislain},
  journal={Regional Science and Urban Economics},
  volume={64},
  pages={30--45},
  year={2017},
  publisher={Elsevier}
}
,
@article{opsomer1997fitting,
  title={Fitting a bivariate additive model by local polynomial regression},
  author={Opsomer, Jean D and Ruppert, David and others},
  journal={The Annals of Statistics},
  volume={25},
  number={1},
  pages={186--211},
  year={1997},
  publisher={Institute of Mathematical Statistics}
}
,
@book{green2003primer,
  title={A primer on US housing markets and housing policy},
  author={Green, Richard K and Green, Richard and Malpezzi, Stephen},
  year={2003},
  publisher={The Urban Insitute}
}
,
@book{court1939,
author = {A.T. Court},
title={The Dynamics of
Automobile Demand},
publisher={General Motor},
address = {New York},
year={1939},
}
,
@article{lancaster1966new,
  title={A new approach to consumer theory},
  author={Lancaster, Kelvin J},
  journal={Journal of political economy},
  volume={74},
  number={2},
  pages={132--157},
  year={1966},
  publisher={The University of Chicago Press}
}
,
@article{rosen1974hedonic,
  title={Hedonic prices and implicit markets: product differentiation in pure competition},
  author={Rosen, Sherwin},
  journal={Journal of political economy},
  volume={82},
  number={1},
  pages={34--55},
  year={1974},
  publisher={The University of Chicago Press}
}
,
@misc{isaaks1989introduction,
  title={An introduction to geostatistics},
  author={Isaaks, Edward H and Srivastava, RM},
  year={1989},
  publisher={Oxford University Press, New York}
}
,
@article{cressie1992statistics,
  title={Statistics for spatial data},
  author={Cressie, Noel},
  journal={Terra Nova},
  volume={4},
  number={5},
  pages={613--617},
  year={1992},
  publisher={Wiley Online Library}
}
,
@article{liu2009taylor,
  title={Taylor Kriging for simulation metamodeling},
  author={Liu, HP and Maghsoodloo, S},
  journal={Auburn, Auburn University, Dissertation},
  pages={99--124},
  year={2009}
}
,
@article{chica1995spatial,
  title={Spatial estimation of housing prices and locational rents},
  author={Chica Olmo, Jorge},
  journal={Urban studies},
  volume={32},
  number={8},
  pages={1331--1344},
  year={1995},
  publisher={Sage Publications Sage UK: London, England}
}
,
@article{basu1998analysis,
  title={Analysis of spatial autocorrelation in house prices},
  author={Basu, Sabyasachi and Thibodeau, Thomas G},
  journal={The Journal of Real Estate Finance and Economics},
  volume={17},
  number={1},
  pages={61--85},
  year={1998},
  publisher={Springer}
}
，
@article{gillen2001anisotropic,
  title={Anisotropic autocorrelation in house prices},
  author={Gillen, Kevin and Thibodeau, Thomas and Wachter, Susan},
  journal={The Journal of Real Estate Finance and Economics},
  volume={23},
  number={1},
  pages={5--30},
  year={2001},
  publisher={Springer}
}
,
@article{schabenberger2004statistical,
  title={Statistical methods for spatial data analysis vol. Chapman \& Hall/CRC Texts in Statistical Science},
  author={Schabenberger, O and Gotway, CA},
  year={2004},
  publisher={Taylor and Fransis Group}
}
,
@article{alexander2015beware,
  title={Beware of R 2: simple, unambiguous assessment of the prediction accuracy of QSAR and QSPR models},
  author={Alexander, David LJ and Tropsha, Alexander and Winkler, David A},
  journal={Journal of chemical information and modeling},
  volume={55},
  number={7},
  pages={1316--1322},
  year={2015},
  publisher={ACS Publications}
}
,
@inproceedings{bency2017beyond,
  title={Beyond spatial auto-regressive models: Predicting housing prices with satellite imagery},
  author={Bency, Archith J and Rallapalli, Swati and Ganti, Raghu K and Srivatsa, Mudhakar and Manjunath, BS},
  booktitle={2017 IEEE Winter Conference on Applications of Computer Vision (WACV)},
  pages={320--329},
  year={2017},
  organization={IEEE}
}
,
@article{tobler1970computer,
  title={A computer movie simulating urban growth in the Detroit region},
  author={Tobler, Waldo R},
  journal={Economic geography},
  volume={46},
  number={sup1},
  pages={234--240},
  year={1970},
  publisher={Taylor \& Francis}
}
,
@article{basile2014modeling,
  title={Modeling regional economic dynamics: Spatial dependence, spatial heterogeneity and nonlinearities},
  author={Basile, Roberto and Durb{\'a}n, Mar{\'\i}a and M{\'\i}nguez, Rom{\'a}n and Montero, Jose Mar{\'\i}a and Mur, Jes{\'u}s},
  journal={Journal of Economic Dynamics and Control},
  volume={48},
  pages={229--245},
  year={2014},
  publisher={Elsevier}
}
,
@article{anselin2003spatial,
  title={Spatial externalities, spatial multipliers, and spatial econometrics},
  author={Anselin, Luc},
  journal={International regional science review},
  volume={26},
  number={2},
  pages={153--166},
  year={2003},
  publisher={Sage Publications}
}
,
@article{goodman2003housing,
  title={Housing market segmentation and hedonic prediction accuracy},
  author={Goodman, Allen C and Thibodeau, Thomas G},
  journal={Journal of Housing Economics},
  volume={12},
  number={3},
  pages={181--201},
  year={2003},
  publisher={Elsevier}
}
,
@article{khalid2015spatial,
  title={Spatial heterogeneity and spatial bias analyses in hedonic price models: some practical considerations},
  author={Khalid, Haniza},
  journal={Bulletin of geography. Socio-economic series},
  volume={28},
  number={28},
  pages={113--128},
  year={2015},
  publisher={De Gruyter Open}
}